<record><leader>01917cam a2200397 i 4500</leader><controlfield tag="001">6742697</controlfield><controlfield tag="003">OCoLC</controlfield><controlfield tag="005">20141117145547.0</controlfield><controlfield tag="008">140306s2015    caua     b    001 0 eng  </controlfield><datafield ind1=" " ind2=" " tag="010"><subfield code="a">  2014006257</subfield></datafield><datafield ind1=" " ind2=" " tag="015"><subfield code="a">GBB477814</subfield><subfield code="2">bnb</subfield></datafield><datafield ind1="7" ind2=" " tag="016"><subfield code="a">016801770</subfield><subfield code="2">Uk</subfield></datafield><datafield ind1=" " ind2=" " tag="020"><subfield code="a">9781452226255 (pbk. : alk. paper)</subfield></datafield><datafield ind1=" " ind2=" " tag="020"><subfield code="a">1452226253 (pbk. : alk. paper)</subfield></datafield><datafield ind1=" " ind2=" " tag="035"><subfield code="a">ocn871965661</subfield></datafield><datafield ind1=" " ind2=" " tag="040"><subfield code="a">DLC</subfield><subfield code="e">rda</subfield><subfield code="b">eng</subfield><subfield code="c">DLC</subfield><subfield code="d">YDX</subfield><subfield code="d">YDXCP</subfield><subfield code="d">BDX</subfield><subfield code="d">BTCTA</subfield><subfield code="d">CDX</subfield><subfield code="d">OCLCF</subfield><subfield code="d">UKMGB</subfield><subfield code="d">CHVBK</subfield><subfield code="d">AEU</subfield></datafield><datafield ind1=" " ind2=" " tag="042"><subfield code="a">pcc</subfield></datafield><datafield ind1="0" ind2="0" tag="050"><subfield code="a">BF531</subfield><subfield code="b">.S353 2015</subfield></datafield><datafield ind1="0" ind2="0" tag="082"><subfield code="a">152.4</subfield><subfield code="2">23</subfield></datafield><datafield ind1=" " ind2=" " tag="090"><subfield code="a">BF531 .S353 2015</subfield><subfield code="b">AEGMCT</subfield></datafield><datafield ind1="1" ind2=" " tag="100"><subfield code="a">Schirmer, Annett,</subfield><subfield code="e">author.</subfield></datafield><datafield ind1="1" ind2="0" tag="245"><subfield code="a">Emotion /</subfield><subfield code="c">Annett Schirmer, National University of Singapore.</subfield></datafield><datafield ind1=" " ind2="1" tag="264"><subfield code="a">Thousand Oaks, California :</subfield><subfield code="b">SAGE Publications, Inc.,</subfield><subfield code="c">[2015]</subfield></datafield><datafield ind1=" " ind2=" " tag="300"><subfield code="a">xvii, 508 pages :</subfield><subfield code="b">illustrations ;</subfield><subfield code="c">24 cm</subfield></datafield><datafield ind1=" " ind2=" " tag="336"><subfield code="a">text</subfield><subfield code="b">txt</subfield><subfield code="2">rdacontent</subfield></datafield><datafield ind1=" " ind2=" " tag="337"><subfield code="a">unmediated</subfield><subfield code="b">n</subfield><subfield code="2">rdamedia</subfield></datafield><datafield ind1=" " ind2=" " tag="338"><subfield code="a">volume</subfield><subfield code="b">nc</subfield><subfield code="2">rdacarrier</subfield></datafield><datafield ind1=" " ind2=" " tag="504"><subfield code="a">Includes bibliographical references (pages 385-445) and indexes.</subfield></datafield><datafield ind1="0" ind2=" " tag="505"><subfield code="a">The passions of the soul : early emotion theories -- Brain and thought processes as antecedents to emotion: emotion theories of the 20th century -- What is an emotion? modern thoughts and concepts -- Biological foundations -- Methodological foundations I : eliciting emotions -- Methodological foundations II : exploring emotions -- Joy and positive emotions -- Sadness -- Fear -- Emotion effects on cognition -- Emotion regulation -- Emotions across the lifespan -- Emotions and sex differences -- Emotions and culture.</subfield></datafield><datafield ind1=" " ind2=" " tag="596"><subfield code="a">29</subfield></datafield><datafield ind1=" " ind2="0" tag="650"><subfield code="a">Emotions.</subfield></datafield><datafield ind1=" " ind2="0" tag="650"><subfield code="a">Emotions and cognition.</subfield></datafield><datafield ind1=" " ind2="0" tag="650"><subfield code="a">Cognition.</subfield></datafield><datafield ind1=" " ind2="0" tag="650"><subfield code="a">Neurosciences.</subfield></datafield><datafield ind1=" " ind2=" " tag="949"><subfield code="a">BF531 .S353 2015</subfield><subfield code="h">GMCT-OS-B</subfield><subfield code="i">1007428897</subfield><subfield code="p">109.92</subfield><subfield code="k">AVAIL_SOON</subfield></datafield><datafield ind1=" " ind2=" " tag="926"><subfield code="a">BF531 .S353 2015</subfield><subfield code="w">LC</subfield><subfield code="c">1</subfield><subfield code="i">1007428897</subfield><subfield code="d">4/12/2016</subfield><subfield code="e">10/27/2015</subfield><subfield code="l">ON_SHELF</subfield><subfield code="m">GR_MACEWAN</subfield><subfield code="n">4</subfield><subfield code="p">$104.69</subfield><subfield code="r">Y</subfield><subfield code="s">Y</subfield><subfield code="t">BOOK</subfield><subfield code="u">11/26/2014</subfield></datafield></record>